<record><leader>00000cas a2200000 a 4500</leader><controlfield tag="001">12054379</controlfield><controlfield tag="008">850520d19561992caudr ne      0   a0eng c</controlfield><datafield ind1=" " ind2=" " tag="010"><subfield code="a">sn 95061937 </subfield></datafield><datafield ind1=" " ind2=" " tag="040"><subfield code="a">MSH</subfield><subfield code="b">eng</subfield><subfield code="c">MSH</subfield><subfield code="d">CNK</subfield><subfield code="d">NSD</subfield><subfield code="d">CNK</subfield><subfield code="d">OCLCQ</subfield><subfield code="d">OCLCF</subfield><subfield code="d">OCLCO</subfield></datafield><datafield ind1=" " ind2=" " tag="019"><subfield code="a">990416186</subfield></datafield><datafield ind1="1" ind2=" " tag="022"><subfield code="a">1087-3031</subfield><subfield code="l">1087-3031</subfield><subfield code="2">1</subfield></datafield><datafield ind1="1" ind2=" " tag="029"><subfield code="a">AU@</subfield><subfield code="b">000044352544</subfield></datafield><datafield ind1="1" ind2=" " tag="029"><subfield code="a">NZ1</subfield><subfield code="b">16076198</subfield></datafield><datafield ind1=" " ind2=" " tag="042"><subfield code="a">pcc</subfield><subfield code="a">nsdp</subfield></datafield><datafield ind1="0" ind2=" " tag="130"><subfield code="a">Star-news (Pasadena, Calif. : 1956)</subfield></datafield><datafield ind1=" " ind2="0" tag="222"><subfield code="a">Star-news</subfield><subfield code="b">(Pasadena, Calif. 1956)</subfield></datafield><datafield ind1="0" ind2="0" tag="245"><subfield code="a">Star-news.</subfield></datafield><datafield ind1="1" ind2=" " tag="246"><subfield code="i">On Sundays published as:</subfield><subfield code="a">Sunday star-news</subfield><subfield code="f">Dec. 22, 1985-Feb. 9, 1992</subfield></datafield><datafield ind1="3" ind2=" " tag="246"><subfield code="a">Star news</subfield></datafield><datafield ind1=" " ind2=" " tag="260"><subfield code="a">Pasadena, Calif. :</subfield><subfield code="b">Twin Coast Newspapers,</subfield></datafield><datafield ind1=" " ind2=" " tag="300"><subfield code="a">v.</subfield></datafield><datafield ind1=" " ind2=" " tag="310"><subfield code="a">Daily</subfield></datafield><datafield ind1="0" ind2=" " tag="362"><subfield code="a">New ser., v. 41, no. 21 (Mar. 26, 1956)-   ;   -107th year, no. 199 (July 17, 1992).</subfield></datafield><datafield ind1=" " ind2=" " tag="500"><subfield code="a">Published as: Star-news (Morning ed.), Nov. 2, 1970-Mar. 30, 1973; published as: Star-news (Evening ed.), Nov. 2, 1970-July 13, 1973.</subfield></datafield><datafield ind1=" " ind2=" " tag="500"><subfield code="a">Published regional editions, &lt;1990-1992&gt;: Valley ed.; Alhambra, San Gabriel, San Marino, South Pasadena ed.</subfield></datafield><datafield ind1=" " ind2="0" tag="651"><subfield code="a">Pasadena (Calif.)</subfield><subfield code="v">Newspapers.</subfield></datafield><datafield ind1=" " ind2="7" tag="655"><subfield code="a">Newspapers.</subfield><subfield code="2">fast</subfield><subfield code="0">(OCoLC)fst01423814</subfield></datafield><datafield ind1=" " ind2="7" tag="651"><subfield code="a">California</subfield><subfield code="z">Pasadena.</subfield><subfield code="2">fast</subfield><subfield code="0">(OCoLC)fst01204693</subfield></datafield><datafield ind1=" " ind2=" " tag="752"><subfield code="a">United States</subfield><subfield code="b">California</subfield><subfield code="c">Los Angeles</subfield><subfield code="d">Pasadena.</subfield></datafield><datafield ind1="0" ind2=" " tag="775"><subfield code="t">Pasadena independent</subfield><subfield code="w">(DLC)sn 91066452</subfield></datafield><datafield ind1="0" ind2=" " tag="775"><subfield code="t">Independent (Pasadena, Calif.)</subfield><subfield code="w">(DLC)sn 95061939</subfield></datafield><datafield ind1="0" ind2=" " tag="775"><subfield code="t">Star-news (Pasadena, Calif. : Independent ed.)</subfield><subfield code="w">(DLC)sn 95061940</subfield></datafield><datafield ind1="0" ind2="0" tag="780"><subfield code="t">Pasadena star-news (Pasadena, Calif. : 1952)</subfield><subfield code="x">1087-304X</subfield><subfield code="w">(DLC)sn 95061936</subfield></datafield><datafield ind1="0" ind2="0" tag="785"><subfield code="t">Pasadena star-news (Pasadena, Calif. : 1992)</subfield><subfield code="x">1087-3023</subfield><subfield code="w">(DLC)sn 95061938</subfield></datafield><datafield ind1=" " ind2=" " tag="936"><subfield code="a">July 1984</subfield></datafield></record>